@ARTICLE{Nei_1989,
       author = {{Neidig}, Donald F.},
        title = "{The Importance of Solar White-Light Flares}",
      journal = {\solphys},
     keywords = {Light (Visible Radiation), Solar Flares, Stellar Spectrophotometry, Chromosphere, Energy Transfer, Photosphere, Radiative Transfer, Solar Physics},
         year = 1989,
        month = mar,
       volume = {121},
       number = {1-2},
        pages = {261-269},
          doi = {10.1007/BF00161699},
       adsurl = {https://ui.adsabs.harvard.edu/abs/1989SoPh..121..261N},
      adsnote = {Provided by the SAO/NASA Astrophysics Data System}
}


@ARTICLE{adityal1,
       author = {{Seetha}, S. and {Megala}, S.},
        title = "{Aditya-L1 mission}",
      journal = {Current Science},
         year = 2017,
        month = aug,
       volume = {113},
       number = {4},
        pages = {610},
       adsurl = {https://ui.adsabs.harvard.edu/abs/2017CSci..113..610S},
      adsnote = {Provided by the SAO/NASA Astrophysics Data System}
}

@article{article,
author = {Tripathi, Durgesh and Ramaprakash, Anamparambu and Khan, Aafaque and Ghosh, Avyarthana and Chatterjee, Subhamoy and Banerjee, Dipankar and Chordia, Pravin and Gandorfer, Achim and Krivova, Natalie and Nandy, Dibyendu and Rajarshi, Chaitanya and Solanki, Sami},
year = {2017},
month = {08},
pages = {616-619},
title = {The Solar Ultraviolet Imaging Telescope On-Board Aditya-L1},
volume = {113},
journal = {Current Science},
doi = {10.18520/cs/v113/i04/616-619}
}

@inproceedings{ghosh16,
author = {Avyarthana Ghosh and Subhamoy Chatterjee and Aafaque R. Khan and Durgesh Tripathi and A. N. Ramaprakash and Dipankar Banerjee and Pravin Chordia and Achim M. Gandorfer and Natalie Krivova and Dibyendu Nandy and Chaitanya Rajarshi and Sami K. Solanki and S. Sriram},
title = {{The Solar Ultraviolet Imaging Telescope onboard Aditya-L1}},
volume = {9905},
booktitle = {Space Telescopes and Instrumentation 2016: Ultraviolet to Gamma Ray},
editor = {Jan-Willem A. den Herder and Tadayuki Takahashi and Marshall Bautz},
organization = {International Society for Optics and Photonics},
publisher = {SPIE},
pages = {10 -- 20},
keywords = {Aditya L1, Ultravoilet , Solar Dynamics, Sun , Chromosphere , Sun-Climate , Space weather, Solar spectral variability},
year = {2016},
doi = {10.1117/12.2232266},
URL = {https://doi.org/10.1117/12.2232266}
}

@ARTICLE{iris,
       author = {{De Pontieu}, B. and {Title}, A.~M. and {Lemen}, J.~R. and {Kushner}, G.~D. and {Akin}, D.~J. and {Allard}, B. and {Berger}, T. and {Boerner}, P. and {Cheung}, M. and {Chou}, C. and {Drake}, J.~F. and {Duncan}, D.~W. and {Freeland}, S. and {Heyman}, G.~F. and {Hoffman}, C. and {Hurlburt}, N.~E. and {Lindgren}, R.~W. and {Mathur}, D. and {Rehse}, R. and {Sabolish}, D. and {Seguin}, R. and {Schrijver}, C.~J. and {Tarbell}, T.~D. and {W{\"u}lser}, J. -P. and {Wolfson}, C.~J. and {Yanari}, C. and {Mudge}, J. and {Nguyen-Phuc}, N. and {Timmons}, R. and {van Bezooijen}, R. and {Weingrod}, I. and {Brookner}, R. and {Butcher}, G. and {Dougherty}, B. and {Eder}, J. and {Knagenhjelm}, V. and {Larsen}, S. and {Mansir}, D. and {Phan}, L. and {Boyle}, P. and {Cheimets}, P.~N. and {DeLuca}, E.~E. and {Golub}, L. and {Gates}, R. and {Hertz}, E. and {McKillop}, S. and {Park}, S. and {Perry}, T. and {Podgorski}, W.~A. and {Reeves}, K. and {Saar}, S. and {Testa}, P. and {Tian}, H. and {Weber}, M. and {Dunn}, C. and {Eccles}, S. and {Jaeggli}, S.~A. and {Kankelborg}, C.~C. and {Mashburn}, K. and {Pust}, N. and {Springer}, L. and {Carvalho}, R. and {Kleint}, L. and {Marmie}, J. and {Mazmanian}, E. and {Pereira}, T.~M.~D. and {Sawyer}, S. and {Strong}, J. and {Worden}, S.~P. and {Carlsson}, M. and {Hansteen}, V.~H. and {Leenaarts}, J. and {Wiesmann}, M. and {Aloise}, J. and {Chu}, K. -C. and {Bush}, R.~I. and {Scherrer}, P.~H. and {Brekke}, P. and {Martinez-Sykora}, J. and {Lites}, B.~W. and {McIntosh}, S.~W. and {Uitenbroek}, H. and {Okamoto}, T.~J. and {Gummin}, M.~A. and {Auker}, G. and {Jerram}, P. and {Pool}, P. and {Waltham}, N.},
        title = "{The Interface Region Imaging Spectrograph (IRIS)}",
      journal = {\solphys},
     keywords = {Heating, chromospheric, coronal, Chromosphere, models, active, Corona, Magnetic fields, chromosphere, Instrumentation and data management, Spectrum, ultraviolet, Astrophysics - Solar and Stellar Astrophysics},
         year = 2014,
        month = jul,
       volume = {289},
       number = {7},
        pages = {2733-2779},
          doi = {10.1007/s11207-014-0485-y},
archivePrefix = {arXiv},
       eprint = {1401.2491},
 primaryClass = {astro-ph.SR},
       adsurl = {https://ui.adsabs.harvard.edu/abs/2014SoPh..289.2733D},
      adsnote = {Provided by the SAO/NASA Astrophysics Data System}
}

@ARTICLE{hmi,
       author = {{Scherrer}, P.~H. and {Schou}, J. and {Bush}, R.~I. and {Kosovichev}, A.~G. and {Bogart}, R.~S. and {Hoeksema}, J.~T. and {Liu}, Y. and {Duvall}, T.~L. and {Zhao}, J. and {Title}, A.~M. and {Schrijver}, C.~J. and {Tarbell}, T.~D. and {Tomczyk}, S.},
        title = "{The Helioseismic and Magnetic Imager (HMI) Investigation for the Solar Dynamics Observatory (SDO)}",
      journal = {\solphys},
         year = 2012,
        month = jan,
       volume = {275},
       number = {1-2},
        pages = {207-227},
          doi = {10.1007/s11207-011-9834-2},
       adsurl = {https://ui.adsabs.harvard.edu/abs/2012SoPh..275..207S},
      adsnote = {Provided by the SAO/NASA Astrophysics Data System}
}



@Article{aia,
author={Lemen, James R.
and Title, Alan M.
and Akin, David J.
and Boerner, Paul F.
and Chou, Catherine
and Drake, Jerry F.
and Duncan, Dexter W.
and Edwards, Christopher G.
and Friedlaender, Frank M.
and Heyman, Gary F.
and Hurlburt, Neal E.
and Katz, Noah L.
and Kushner, Gary D.
and Levay, Michael
and Lindgren, Russell W.
and Mathur, Dnyanesh P.
and McFeaters, Edward L.
and Mitchell, Sarah
and Rehse, Roger A.
and Schrijver, Carolus J.
and Springer, Larry A.
and Stern, Robert A.
and Tarbell, Theodore D.
and Wuelser, Jean-Pierre
and Wolfson, C. Jacob
and Yanari, Carl
and Bookbinder, Jay A.
and Cheimets, Peter N.
and Caldwell, David
and Deluca, Edward E.
and Gates, Richard
and Golub, Leon
and Park, Sang
and Podgorski, William A.
and Bush, Rock I.
and Scherrer, Philip H.
and Gummin, Mark A.
and Smith, Peter
and Auker, Gary
and Jerram, Paul
and Pool, Peter
and Soufli, Regina
and Windt, David L.
and Beardsley, Sarah
and Clapp, Matthew
and Lang, James
and Waltham, Nicholas},
title={The Atmospheric Imaging Assembly (AIA) on the Solar Dynamics Observatory (SDO)},
journal={Solar Physics},
year={2012},
month={Jan},
day={01},
volume={275},
number={1},
pages={17-40},
abstract={The Atmospheric Imaging Assembly (AIA) provides multiple simultaneous high-resolution full-disk images of the corona and transition region up to 0.5 RâŠ™ above the solar limb with 1.5-arcsec spatial resolution and 12-second temporal resolution. The AIA consists of four telescopes that employ normal-incidence, multilayer-coated optics to provide narrow-band imaging of seven extreme ultraviolet (EUV) band passes centered on specific lines: Fe xviii (94 {\AA}), Fe viii, xxi (131 {\AA}), Fe ix (171 {\AA}), Fe xii, xxiv (193 {\AA}), Fe xiv (211 {\AA}), He ii (304 {\AA}), and Fe xvi (335 {\AA}). One telescope observes C iv (near 1600 {\AA}) and the nearby continuum (1700 {\AA}) and has a filter that observes in the visible to enable coalignment with images from other telescopes. The temperature diagnostics of the EUV emissions cover the range from 6{\texttimes}104 K to 2{\texttimes}107 K. The AIA was launched as a part of NASA's Solar Dynamics Observatory (SDO) mission on 11 February 2010. AIA will advance our understanding of the mechanisms of solar variability and of how the Sun's energy is stored and released into the heliosphere and geospace.},
issn={1573-093X},
doi={10.1007/s11207-011-9776-8},
url={https://doi.org/10.1007/s11207-011-9776-8}
}

@ARTICLE{sdo,
       author = {{Pesnell}, W. Dean and {Thompson}, B.~J. and {Chamberlin}, P.~C.},
        title = "{The Solar Dynamics Observatory (SDO)}",
      journal = {\solphys},
     keywords = {SDO, Solar cycle, Helioseismology, Coronal, Space weather},
         year = 2012,
        month = jan,
       volume = {275},
       number = {1-2},
        pages = {3-15},
          doi = {10.1007/s11207-011-9841-3},
       adsurl = {https://ui.adsabs.harvard.edu/abs/2012SoPh..275....3P},
      adsnote = {Provided by the SAO/NASA Astrophysics Data System}
}

@INPROCEEDINGS{hydrad,
       author = {{Bradshaw}, S.~J. and {Cargill}, P.},
        title = "{HYDRAD: a Hydrodynamics Code for Time-Dependent Ionisation and Forward Modelling of EUV Emission from the Solar Atmosphere}",
     keywords = {7509 Corona, 7519 Flares, 7546 Transition region, 7549 Ultraviolet emissions},
    booktitle = {AGU Spring Meeting Abstracts},
         year = 2005,
       volume = {2005},
        month = may,
          eid = {SP14A-01},
        pages = {SP14A-01},
       adsurl = {https://ui.adsabs.harvard.edu/abs/2005AGUSMSP14A..01B},
      adsnote = {Provided by the SAO/NASA Astrophysics Data System}
}

@ARTICLE{atlas9,
       author = {{Kurucz}, Robert},
        title = "{ATLAS9 Stellar Atmosphere Programs and 2 km/s grid.}",
      journal = {ATLAS9 Stellar Atmosphere Programs and 2 km/s grid. Kurucz CD-ROM No. 13. Cambridge},
         year = 1993,
        month = jan,
       volume = {13},
       adsurl = {https://ui.adsabs.harvard.edu/abs/1993KurCD..13.....K},
      adsnote = {Provided by the SAO/NASA Astrophysics Data System}
}

@ARTICLE{muram,
       author = {{V{\"o}gler}, A. and {Shelyag}, S. and {Sch{\"u}ssler}, M. and {Cattaneo}, F. and {Emonet}, T. and {Linde}, T.},
        title = "{Simulations of magneto-convection in the solar photosphere.  Equations, methods, and results of the MURaM code}",
      journal = {\aap},
     keywords = {magnetohydrodynamics (MHD), Sun: magnetic fields, Sun: photosphere, Sun: granulation, Sun: faculae, plages},
         year = 2005,
        month = jan,
       volume = {429},
        pages = {335-351},
          doi = {10.1051/0004-6361:20041507},
       adsurl = {https://ui.adsabs.harvard.edu/abs/2005A&A...429..335V},
      adsnote = {Provided by the SAO/NASA Astrophysics Data System}
}

@ARTICLE{metcalf95,
       author = {{Metcalf}, Thomas R. and {Jiao}, Litao and {McClymont}, Alexander N. and {Canfield}, Richard C. and {Uitenbroek}, Han},
        title = "{Is the Solar Chromospheric Magnetic Field Force-free?}",
      journal = {\apj},
     keywords = {Chromosphere, Force-Free Magnetic Fields, Line Spectra, Photosphere, Polarimetry, Sodium, Solar Magnetic Field, Lorentz Force, Magnetic Signatures, Solar Physics, SUN: MAGNETIC FIELDS, SUN: CHROMOSPHERE, MAGNETOHYDRODYNAMICS: MHD, POLARIZATION},
         year = 1995,
        month = jan,
       volume = {439},
        pages = {474},
          doi = {10.1086/175188},
       adsurl = {https://ui.adsabs.harvard.edu/abs/1995ApJ...439..474M},
      adsnote = {Provided by the SAO/NASA Astrophysics Data System}
}

@ARTICLE{metcalf05,
       author = {{Metcalf}, Thomas R. and {Leka}, K.~D. and {Mickey}, D.~L.},
        title = "{Magnetic Free Energy in NOAA Active Region 10486 on 2003 October 29}",
      journal = {\apjl},
     keywords = {Sun: Chromosphere, Sun: Corona, Sun: Flares, Sun: Magnetic Fields},
         year = 2005,
        month = apr,
       volume = {623},
       number = {1},
        pages = {L53-L56},
          doi = {10.1086/429961},
       adsurl = {https://ui.adsabs.harvard.edu/abs/2005ApJ...623L..53M},
      adsnote = {Provided by the SAO/NASA Astrophysics Data System}
}

@ARTICLE{schrijver08,
       author = {{Schrijver}, C.~J. and {DeRosa}, M.~L. and {Metcalf}, T. and {Barnes}, G. and {Lites}, B. and {Tarbell}, T. and {McTiernan}, J. and {Valori}, G. and {Wiegelmann}, T. and {Wheatland}, M.~S. and {Amari}, T. and {Aulanier}, G. and {D{\'e}moulin}, P. and {Fuhrmann}, M. and {Kusano}, K. and {R{\'e}gnier}, S. and {Thalmann}, J.~K.},
        title = "{Nonlinear Force-free Field Modeling of a Solar Active Region around the Time of a Major Flare and Coronal Mass Ejection}",
      journal = {\apj},
     keywords = {Sun: activity, Sun: corona, Sun: flares, Sun: magnetic fields, Astrophysics},
         year = 2008,
        month = mar,
       volume = {675},
       number = {2},
        pages = {1637-1644},
          doi = {10.1086/527413},
archivePrefix = {arXiv},
       eprint = {0712.0023},
 primaryClass = {astro-ph},
       adsurl = {https://ui.adsabs.harvard.edu/abs/2008ApJ...675.1637S},
      adsnote = {Provided by the SAO/NASA Astrophysics Data System}
}

@article{jing08,
	doi = {10.1086/587058},
	url = {https://doi.org/10.1086/587058},
	year = 2008,
	month = {mar},
	publisher = {American Astronomical Society},
	volume = {676},
	number = {1},
	pages = {L81--L84},
	author = {Ju Jing and Thomas Wiegelmann and Yoshinori Suematsu and Masahito Kubo and Haimin Wang},
	title = {Changes of Magnetic Structure in Three Dimensions Associated with the X3.4 Flare of 2006 December 13},
	journal = {The Astrophysical Journal},
	abstract = {Recent observations demonstrated that sunspot structure can change rapidly and irreversibly after flares. One of the most puzzling results is the increase in magnetic shear around the flaring magnetic polarity inversion line after flares. However, all these observations were made at the photosphere level. In this Letter, we study the altitude variation of the nonpotentiality of the magnetic fields associated with the 4B/X3.4 flare of 2006 December 13. The vector magnetograms with unprecedented quality from Hinode before and after the flare are used as the boundary conditions to extrapolate the three-dimensional nonlinear force-free magnetic fields and the potential fields. The former are computed with the optimization algorithm and the latter with the Greenâ€™s function method. At the photosphere boundary, magnetic shear increases after the flare in a local area close to the flaring magnetic polarity inversion line. Two measures of the magnetic nonpotentiality, the weighted mean shear Î¸w and the total magnetic shear Î¸wB, are calculated in this area at progressively higher altitude. By comparing their altitude variation profiles before and after the flare, we find that the nonpotentiality of the local area increases after the flare below ~8 Mm and decreases from that height to ~70 Mm. Beyond 70 Mm, the magnetic fields approach potential for both times.}
}

@INPROCEEDINGS{woods06,
       author = {{Woods}, T.~N. and {Kopp}, G.},
        title = "{Contributions of the Solar Ultraviolet Irradiance to the Total Solar Irradiance During Large Flares}",
     keywords = {0358 Thermosphere: energy deposition (3369), 2479 Solar radiation and cosmic ray effects, 7519 Flares, 7538 Solar irradiance},
    booktitle = {AGU Fall Meeting Abstracts},
         year = 2005,
       volume = {2005},
        month = dec,
          eid = {SA33A-07},
        pages = {SA33A-07},
       adsurl = {https://ui.adsabs.harvard.edu/abs/2005AGUFMSA33A..07W},
      adsnote = {Provided by the SAO/NASA Astrophysics Data System}
}

@ARTICLE{woods04,
       author = {{Woods}, Thomas N. and {Eparvier}, Francis G. and {Fontenla}, Juan and {Harder}, Jerald and {Kopp}, Greg and {McClintock}, William E. and {Rottman}, Gary and {Smiley}, Byron and {Snow}, Martin},
        title = "{Solar irradiance variability during the October 2003 solar storm period}",
      journal = {\grl},
     keywords = {Atmospheric Composition and Structure: Middle atmosphere-energy deposition, Solar Physics, Astrophysics, and Astronomy: Flares, and Astronomy: Solar irradiance, and Astronomy: Ultraviolet emissions},
         year = 2004,
        month = may,
       volume = {31},
       number = {10},
          eid = {L10802},
        pages = {L10802},
          doi = {10.1029/2004GL019571},
       adsurl = {https://ui.adsabs.harvard.edu/abs/2004GeoRL..3110802W},
      adsnote = {Provided by the SAO/NASA Astrophysics Data System}
}



@ARTICLE{holeman11,
       author = {{Holman}, G.~D. and {Aschwanden}, M.~J. and {Aurass}, H. and {Battaglia}, M. and {Grigis}, P.~C. and {Kontar}, E.~P. and {Liu}, W. and {Saint-Hilaire}, P. and {Zharkova}, V.~V.},
        title = "{Implications of X-ray Observations for Electron Acceleration and Propagation in Solar Flares}",
      journal = {\ssr},
     keywords = {Sun: flares, Sun: X-rays, Gamma rays, Sun: radio radiation, Astrophysics - Solar and Stellar Astrophysics, Astrophysics - Earth and Planetary Astrophysics, Physics - Plasma Physics, Physics - Space Physics},
         year = 2011,
        month = sep,
       volume = {159},
       number = {1-4},
        pages = {107-166},
          doi = {10.1007/s11214-010-9680-9},
archivePrefix = {arXiv},
       eprint = {1109.6496},
 primaryClass = {astro-ph.SR},
       adsurl = {https://ui.adsabs.harvard.edu/abs/2011SSRv..159..107H},
      adsnote = {Provided by the SAO/NASA Astrophysics Data System}
}

@inbook{phillips_08, place={Cambridge}, series={Cambridge Astrophysics}, title={The solar atmosphere}, DOI={10.1017/CBO9780511585968.002}, booktitle={Ultraviolet and X-ray Spectroscopy of the Solar Atmosphere}, publisher={Cambridge University Press}, author={Phillips, Kenneth J. H. and Feldman, Uri and Landi, Enrico}, year={2008}, pages={1â€“30}, collection={Cambridge Astrophysics}}

@ARTICLE{lean2000,
       author = {{Lean}, Judith},
        title = "{Evolution of the Sun's Spectral Irradiance Since the Maunder Minimum}",
      journal = {\grl},
     keywords = {Global Change: Solar variability, Solar Physics, Astrophysics, and Astronomy: Solar and stellar variability, Solar Physics, Astrophysics, and Astronomy: Solar irradiance},
         year = 2000,
        month = aug,
       volume = {27},
       number = {16},
        pages = {2425-2428},
          doi = {10.1029/2000GL000043},
       adsurl = {https://ui.adsabs.harvard.edu/abs/2000GeoRL..27.2425L},
      adsnote = {Provided by the SAO/NASA Astrophysics Data System}
}

@ARTICLE{sharma16,
       author = {{Sharma}, Rohit and {Tripathi}, Durgesh and {Isobe}, Hiroaki and {Ghosh}, Avyarthana},
        title = "{On the Bright Loop Top Emission in Post-eruption Arcades}",
      journal = {\apj},
     keywords = {Sun: flares, Sun: UV radiation, Astrophysics - Solar and Stellar Astrophysics},
         year = 2016,
        month = may,
       volume = {823},
       number = {1},
          eid = {47},
        pages = {47},
          doi = {10.3847/0004-637X/823/1/47},
archivePrefix = {arXiv},
       eprint = {1603.04959},
 primaryClass = {astro-ph.SR},
       adsurl = {https://ui.adsabs.harvard.edu/abs/2016ApJ...823...47S},
      adsnote = {Provided by the SAO/NASA Astrophysics Data System}
}

@ARTICLE{bradshaw13,
       author = {{Bradshaw}, S.~J. and {Cargill}, P.~J.},
        title = "{The Influence of Numerical Resolution on Coronal Density in Hydrodynamic Models of Impulsive Heating}",
      journal = {\apj},
     keywords = {Sun: corona, Astrophysics - Solar and Stellar Astrophysics},
         year = 2013,
        month = jun,
       volume = {770},
       number = {1},
          eid = {12},
        pages = {12},
          doi = {10.1088/0004-637X/770/1/12},
archivePrefix = {arXiv},
       eprint = {1305.1902},
 primaryClass = {astro-ph.SR},
       adsurl = {https://ui.adsabs.harvard.edu/abs/2013ApJ...770...12B},
      adsnote = {Provided by the SAO/NASA Astrophysics Data System}
}

@ARTICLE{hoyng81,
       author = {{Hoyng}, P. and {Duijveman}, A. and {Machado}, M.~E. and {Rust}, D.~M. and {Svestka}, Z. and {Boelee}, A. and {de Jager}, C. and {Frost}, K.~T. and {Lafleur}, H. and {Simnett}, G.~M. and {van Beek}, H.~F. and {Woodgate}, B.~E.},
        title = "{Origin and Location of the Hard X-Ray Emission in a Two-Ribbon Flare}",
      journal = {\apjl},
         year = 1981,
        month = jun,
       volume = {246},
        pages = {L155},
          doi = {10.1086/183574},
       adsurl = {https://ui.adsabs.harvard.edu/abs/1981ApJ...246L.155H},
      adsnote = {Provided by the SAO/NASA Astrophysics Data System}
}

@ARTICLE{kane83,
       author = {{Kane}, S.~R.},
        title = "{Spatial structure of high energy photon sources in solar flares}",
      journal = {\solphys},
     keywords = {Energetic Particles, Photons, Solar Flares, Solar X-Rays, Stellar Models, Nonthermal Radiation, Pioneer Venus 1 Spacecraft, Spaceborne Astronomy, Spatial Distribution, Temporal Resolution, X Ray Spectra, Solar Physics},
         year = 1983,
        month = jul,
       volume = {86},
       number = {1-2},
        pages = {355-365},
          doi = {10.1007/BF00157209},
       adsurl = {https://ui.adsabs.harvard.edu/abs/1983SoPh...86..355K},
      adsnote = {Provided by the SAO/NASA Astrophysics Data System}
}

@ARTICLE{brown83,
       author = {{Brown}, J.~C. and {Carlaw}, V.~A. and {Cromwell}, D. and {Kane}, S.~R.},
        title = "{A Comparison of the Thick Target Model with Stereo Data on the Height Structure of Solar Hard X-Ray Bursts}",
      journal = {\solphys},
     keywords = {Height, Solar Activity, Solar X-Rays, X Ray Astronomy, Astronomical Models, Bremsstrahlung, Chromosphere, Occultation, Solar Corona, Spaceborne Astronomy, Solar Physics},
         year = 1983,
        month = oct,
       volume = {88},
       number = {1-2},
        pages = {281-295},
          doi = {10.1007/BF00196193},
       adsurl = {https://ui.adsabs.harvard.edu/abs/1983SoPh...88..281B},
      adsnote = {Provided by the SAO/NASA Astrophysics Data System}
}

@ARTICLE{neupert68,
       author = {{Neupert}, Werner M.},
        title = "{Comparison of Solar X-Ray Line Emission with Microwave Emission during Flares}",
      journal = {\apjl},
         year = 1968,
        month = jul,
       volume = {153},
        pages = {L59},
          doi = {10.1086/180220},
       adsurl = {https://ui.adsabs.harvard.edu/abs/1968ApJ...153L..59N},
      adsnote = {Provided by the SAO/NASA Astrophysics Data System}
}

@ARTICLE{dennis93,
       author = {{Dennis}, Brian R. and {Zarro}, Dominic M.},
        title = "{The Neupert Effect - what can it Tell up about the Impulsive and Gradual Phases of Solar Flares}",
      journal = {\solphys},
     keywords = {Microwaves, Solar Flares, Solar Radio Emission, Solar X-Rays, Light Curve, Solar Spectra, Temporal Distribution, X Ray Astronomy, X Ray Spectra, Solar Physics},
         year = 1993,
        month = jul,
       volume = {146},
       number = {1},
        pages = {177-190},
          doi = {10.1007/BF00662178},
       adsurl = {https://ui.adsabs.harvard.edu/abs/1993SoPh..146..177D},
      adsnote = {Provided by the SAO/NASA Astrophysics Data System}
}

@ARTICLE{doscheck80,
       author = {{Doschek}, G.~A. and {Feldman}, U. and {Kreplin}, R.~W. and {Cohen}, L.},
        title = "{High-resolution X-ray spectra of solar flares. III - General spectral properties of X1-X5 type flares}",
      journal = {\apj},
     keywords = {Solar Flares, Solar Spectra, Solar Wind, Solar X-Rays, X Ray Spectra, Abundance, High Resolution, Line Spectra, Plasma Diagnostics, Spectrometers, Solar Physics},
         year = 1980,
        month = jul,
       volume = {239},
        pages = {725-737},
          doi = {10.1086/158158},
       adsurl = {https://ui.adsabs.harvard.edu/abs/1980ApJ...239..725D},
      adsnote = {Provided by the SAO/NASA Astrophysics Data System}
}

@ARTICLE{feldman80,
       author = {{Feldman}, U. and {Doschek}, G.~A. and {Kreplin}, R.~W. and {Mariska}, J.~T.},
        title = "{High-resolution X-ray spectra of solar flares. IV - General spectral properties of M type flares}",
      journal = {\apj},
     keywords = {Solar Flares, Solar Spectra, Solar X-Rays, X Ray Spectra, Electron Energy, High Resolution, Spectral Line Width, Solar Physics},
         year = 1980,
        month = nov,
       volume = {241},
        pages = {1175-1185},
          doi = {10.1086/158434},
       adsurl = {https://ui.adsabs.harvard.edu/abs/1980ApJ...241.1175F},
      adsnote = {Provided by the SAO/NASA Astrophysics Data System}
}

@ARTICLE{antonucci82,
       author = {{Antonucci}, E. and {Gabriel}, A.~H. and {Acton}, L.~W. and {Culhane}, J.~L. and {Doyle}, J.~G. and {Leibacher}, J.~W. and {Machado}, M.~E. and {Orwig}, L.~E. and {Rapley}, C.~G.},
        title = "{Impulsive Phase of Flares in Soft X-Ray Emission}",
      journal = {\solphys},
     keywords = {Solar Flares, Solar Spectra, Solar X-Rays, Calcium, Iron, Solar Maximum Mission, X Ray Spectra, Solar Physics},
         year = 1982,
        month = may,
       volume = {78},
       number = {1},
        pages = {107-123},
          doi = {10.1007/BF00151147},
       adsurl = {https://ui.adsabs.harvard.edu/abs/1982SoPh...78..107A},
      adsnote = {Provided by the SAO/NASA Astrophysics Data System}
}

@INPROCEEDINGS{silva96,
       author = {{Silva}, Adriana V.~R. and {Wang}, H. and {Gary}, D.~E. and {Zirin}, H. and {Nitta}, N.},
        title = "{Imaging the Chromospheric Evaporation of the 1994 June 30 Solar Flare}",
    booktitle = {American Astronomical Society Meeting Abstracts \#188},
         year = 1996,
       series = {American Astronomical Society Meeting Abstracts},
       volume = {188},
        month = may,
          eid = {33.10},
        pages = {33.10},
       adsurl = {https://ui.adsabs.harvard.edu/abs/1996AAS...188.3310S},
      adsnote = {Provided by the SAO/NASA Astrophysics Data System}
}

@ARTICLE{carrington1859,
       author = {{Carrington}, R.~C.},
        title = "{Description of a Singular Appearance seen in the Sun on September 1, 1859}",
      journal = {\mnras},
         year = 1859,
        month = nov,
       volume = {20},
        pages = {13-15},
          doi = {10.1093/mnras/20.1.13},
       adsurl = {https://ui.adsabs.harvard.edu/abs/1859MNRAS..20...13C},
      adsnote = {Provided by the SAO/NASA Astrophysics Data System}
}

@ARTICLE{neidig93,
       author = {{Neidig}, Donald F. and {Kane}, Sharad R.},
        title = "{Energetics and Timing of the Hard and Soft X-Ray Emissions in White-Light Flares}",
      journal = {\solphys},
     keywords = {Light Curve, Solar Flares, Solar X-Rays, Spectral Emission, Chromosphere, Light Emission, Photosphere, Solar Electrons, Solar Physics},
         year = 1993,
        month = jan,
       volume = {143},
       number = {1},
        pages = {201-204},
          doi = {10.1007/BF00619106},
       adsurl = {https://ui.adsabs.harvard.edu/abs/1993SoPh..143..201N},
      adsnote = {Provided by the SAO/NASA Astrophysics Data System}
}

@ARTICLE{svestka66,
       author = {{{\v{S}}vestka}, Zden{\v{e}}k},
        title = "{Optical Observations of Solar Flares}",
      journal = {\ssr},
         year = 1966,
        month = may,
       volume = {5},
       number = {3},
        pages = {388-418},
          doi = {10.1007/BF02653250},
       adsurl = {https://ui.adsabs.harvard.edu/abs/1966SSRv....5..388S},
      adsnote = {Provided by the SAO/NASA Astrophysics Data System}
}

@ARTICLE{canfield90,
       author = {{Canfield}, Richard C. and {Penn}, Matthew J. and {Wulser}, Jean-Pierre and {Kiplinger}, Alan L.},
        title = "{H alpha Spectra of Dynamic Chromospheric Processes in Five Well-observed X-Ray Flares}",
      journal = {\apj},
     keywords = {Chromosphere, H Alpha Line, Solar Flares, Solar X-Rays, Absorption Spectra, Emission Spectra, Line Spectra, Red Shift, Solar Magnetic Field, Solar Spectra, Solar Physics, SUN: CHROMOSPHERE, SUN: FLARES, SUN: X-RAYS},
         year = 1990,
        month = nov,
       volume = {363},
        pages = {318},
          doi = {10.1086/169345},
       adsurl = {https://ui.adsabs.harvard.edu/abs/1990ApJ...363..318C},
      adsnote = {Provided by the SAO/NASA Astrophysics Data System}
}

@ARTICLE{falchi92,
       author = {{Falchi}, A. and {Falciani}, R. and {Smaldone}, L.~A.},
        title = "{Analysis of the optical spectra of the solar flares. VI. Velocity field in the 13 June 1980 flare area.}",
      journal = {\aap},
     keywords = {Chromosphere, H Alpha Line, Solar Flares, Spectral Signatures, Velocity Distribution, Visible Spectrum, Absorption Spectra, Spectrum Analysis, Solar Physics},
         year = 1992,
        month = mar,
       volume = {256},
       number = {1},
        pages = {255-263},
       adsurl = {https://ui.adsabs.harvard.edu/abs/1992A&A...256..255F},
      adsnote = {Provided by the SAO/NASA Astrophysics Data System}
}

@ARTICLE{heinzel94,
       author = {{Heinzel}, Petr and {Karlicky}, Marian and {Kotrc}, Pavel and {Svestka}, Zdenek},
        title = "{On the Occurrence of Blue Asymmetry in Chromospheric Flare Spectra}",
      journal = {\solphys},
     keywords = {Chromosphere, H Alpha Line, Light (Visible Radiation), Line Spectra, Mathematical Models, Microwave Emission, Radio Astronomy, Radio Spectra, Solar Flares, Solar Spectra, Solar X-Rays, Spectrum Analysis, X Ray Astronomy, X Ray Spectra, Balmer Series, Charge Coupled Devices, Filtergrams, Goes Satellites, Solar Corona, Spectrographs, Astronomy},
         year = 1994,
        month = jul,
       volume = {152},
       number = {2},
        pages = {393-408},
          doi = {10.1007/BF00680446},
       adsurl = {https://ui.adsabs.harvard.edu/abs/1994SoPh..152..393H},
      adsnote = {Provided by the SAO/NASA Astrophysics Data System}
}

@ARTICLE{matthews03,
       author = {{Matthews}, S.~A. and {van Driel-Gesztelyi}, L. and {Hudson}, H.~S. and {Nitta}, N.~V.},
        title = "{A catalogue of white-light flares observed by Yohkoh}",
      journal = {\aap},
     keywords = {Sun: flares, Sun: X-rays, gamma rays},
         year = 2003,
        month = oct,
       volume = {409},
        pages = {1107-1125},
          doi = {10.1051/0004-6361:20031187},
       adsurl = {https://ui.adsabs.harvard.edu/abs/2003A&A...409.1107M},
      adsnote = {Provided by the SAO/NASA Astrophysics Data System}
}

@ARTICLE{hudson06,
       author = {{Hudson}, H.~S. and {Wolfson}, C.~J. and {Metcalf}, T.~R.},
        title = "{White-Light Flares: A TRACE/RHESSI Overview}",
      journal = {\solphys},
         year = 2006,
        month = mar,
       volume = {234},
       number = {1},
        pages = {79-93},
          doi = {10.1007/s11207-006-0056-y},
       adsurl = {https://ui.adsabs.harvard.edu/abs/2006SoPh..234...79H},
      adsnote = {Provided by the SAO/NASA Astrophysics Data System}
}

@ARTICLE{wang09,
       author = {{Wang}, Hai-Min},
        title = "{Study of white-light flares observed by Hinode}",
      journal = {Research in Astronomy and Astrophysics},
         year = 2009,
        month = feb,
       volume = {9},
       number = {2},
        pages = {127-132},
          doi = {10.1088/1674-4527/9/2/001},
       adsurl = {https://ui.adsabs.harvard.edu/abs/2009RAA.....9..127W},
      adsnote = {Provided by the SAO/NASA Astrophysics Data System}
}

@ARTICLE{jess08,
       author = {{Jess}, D.~B. and {Mathioudakis}, M. and {Crockett}, P.~J. and {Keenan}, F.~P.},
        title = "{Do All Flares Have White-Light Emission?}",
      journal = {\apjl},
     keywords = {Sun: activity, Sun: evolution, Sun: flares, Sun: photosphere, sunspots, Astrophysics},
         year = 2008,
        month = dec,
       volume = {688},
       number = {2},
        pages = {L119},
          doi = {10.1086/595588},
archivePrefix = {arXiv},
       eprint = {0810.1443},
 primaryClass = {astro-ph},
       adsurl = {https://ui.adsabs.harvard.edu/abs/2008ApJ...688L.119J},
      adsnote = {Provided by the SAO/NASA Astrophysics Data System}
}

@ARTICLE{duran20,
       author = {{Castellanos Dur{\'a}n}, J. Sebasti{\'a}n and {Kleint}, Lucia},
        title = "{The Statistical Relationship between White-light Emission and Photospheric Magnetic Field Changes in Flares}",
      journal = {\apj},
     keywords = {Solar flares, Solar magnetic fields, Solar photosphere, Solar white-light flares, 1496, 1503, 1518, 1983, Astrophysics - Solar and Stellar Astrophysics, Astrophysics - High Energy Astrophysical Phenomena, Physics - Space Physics},
         year = 2020,
        month = dec,
       volume = {904},
       number = {2},
          eid = {96},
        pages = {96},
          doi = {10.3847/1538-4357/ab9c1e},
archivePrefix = {arXiv},
       eprint = {2007.02954},
 primaryClass = {astro-ph.SR},
       adsurl = {https://ui.adsabs.harvard.edu/abs/2020ApJ...904...96C},
      adsnote = {Provided by the SAO/NASA Astrophysics Data System}
}

@ARTICLE{kretzschmar10,
       author = {{Kretzschmar}, Matthieu and {de Wit}, Thierry Dudok and {Schmutz}, Werner and {Mekaoui}, Sabri and {Hochedez}, Jean-Fran{\c{c}}ois and {Dewitte}, Steven},
        title = "{The effect of flares on total solar irradiance}",
      journal = {Nature Physics},
     keywords = {Astrophysics - Solar and Stellar Astrophysics},
         year = 2010,
        month = sep,
       volume = {6},
       number = {9},
        pages = {690-692},
          doi = {10.1038/nphys1741},
archivePrefix = {arXiv},
       eprint = {1003.5258},
 primaryClass = {astro-ph.SR},
       adsurl = {https://ui.adsabs.harvard.edu/abs/2010NatPh...6..690K},
      adsnote = {Provided by the SAO/NASA Astrophysics Data System}
}



@ARTICLE{kretzschmar11,
       author = {{Kretzschmar}, M.},
        title = "{The Sun as a star: observations of white-light flares}",
      journal = {\aap},
     keywords = {sun: flares, stars: flare, Sun: activity, solar-terrestrial relations, Astrophysics - Solar and Stellar Astrophysics, Astrophysics - Earth and Planetary Astrophysics},
         year = 2011,
        month = jun,
       volume = {530},
          eid = {A84},
        pages = {A84},
          doi = {10.1051/0004-6361/201015930},
archivePrefix = {arXiv},
       eprint = {1103.3125},
 primaryClass = {astro-ph.SR},
       adsurl = {https://ui.adsabs.harvard.edu/abs/2011A&A...530A..84K},
      adsnote = {Provided by the SAO/NASA Astrophysics Data System}
}

@ARTICLE{virgo,
       author = {{Frohlich}, Claus and {Andersen}, Bo N. and {Appourchaux}, Thierry and {Berthomieu}, Gabrielle and {Crommelynck}, Dominique A. and {Domingo}, Vicente and {Fichot}, Alain and {Finsterle}, Wolfgang and {Gomez}, Maria F. and {Gough}, Douglas and {Jimenez}, Antonio and {Leifsen}, Torben and {Lombaerts}, Marc and {Pap}, Judit M. and {Provost}, Janine and {Roca Cortes}, Teodoro and {Romero}, Jose and {Roth}, Hansjorg and {Sekii}, Takashi and {Telljohann}, Udo and {Toutain}, Thierry and {Wehrli}, Christoph},
        title = "{First Results from VIRGO, the Experiment for Helioseismology and Solar Irradiance Monitoring on SOHO}",
      journal = {\solphys},
         year = 1997,
        month = jan,
       volume = {170},
       number = {1},
        pages = {1-25},
          doi = {10.1023/A:1004969622753},
       adsurl = {https://ui.adsabs.harvard.edu/abs/1997SoPh..170....1F},
      adsnote = {Provided by the SAO/NASA Astrophysics Data System}
}

@ARTICLE{oliveros12,
       author = {{Mart{\'\i}nez Oliveros}, Juan-Carlos and {Hudson}, Hugh S. and {Hurford}, Gordon J. and {Krucker}, S{\"a}m and {Lin}, R.~P. and {Lindsey}, Charles and {Couvidat}, Sebastien and {Schou}, Jesper and {Thompson}, W.~T.},
        title = "{The Height of a White-light Flare and Its Hard X-Ray Sources}",
      journal = {\apjl},
     keywords = {Sun: flares, Sun: photosphere, Astrophysics - Solar and Stellar Astrophysics},
         year = 2012,
        month = jul,
       volume = {753},
       number = {2},
          eid = {L26},
        pages = {L26},
          doi = {10.1088/2041-8205/753/2/L26},
archivePrefix = {arXiv},
       eprint = {1206.0497},
 primaryClass = {astro-ph.SR},
       adsurl = {https://ui.adsabs.harvard.edu/abs/2012ApJ...753L..26M},
      adsnote = {Provided by the SAO/NASA Astrophysics Data System}
}

@ARTICLE{krucker15,
       author = {{Krucker}, S{\"a}m and {Saint-Hilaire}, Pascal and {Hudson}, Hugh S. and {Haberreiter}, Margit and {Martinez-Oliveros}, Juan Carlos and {Fivian}, Martin D. and {Hurford}, Gordon and {Kleint}, Lucia and {Battaglia}, Marina and {Kuhar}, Matej and {Arnold}, Nicolas G.},
        title = "{Co-Spatial White Light and Hard X-Ray Flare Footpoints Seen Above the Solar Limb}",
      journal = {\apj},
     keywords = {Sun: flares, Sun: particle emission, Sun: X-rays, gamma rays},
         year = 2015,
        month = mar,
       volume = {802},
       number = {1},
          eid = {19},
        pages = {19},
          doi = {10.1088/0004-637X/802/1/19},
       adsurl = {https://ui.adsabs.harvard.edu/abs/2015ApJ...802...19K},
      adsnote = {Provided by the SAO/NASA Astrophysics Data System}
}

@BOOK{benz02,
       author = {{Benz}, Arnold},
        title = "{Plasma Astrophysics, second edition}",
         year = 2002,
       volume = {279},
          doi = {10.1007/978-0-306-47719-5},
       adsurl = {https://ui.adsabs.harvard.edu/abs/2002ASSL..279.....B},
      adsnote = {Provided by the SAO/NASA Astrophysics Data System}
}

@ARTICLE{benz16,
       author = {{Benz}, Arnold O.},
        title = "{Flare Observations}",
      journal = {Living Reviews in Solar Physics},
     keywords = {Reconnection, X-ray emission, Flare radio emission, Particle acceleration, Magnetic energy release},
         year = 2017,
        month = dec,
       volume = {14},
       number = {1},
          eid = {2},
        pages = {2},
          doi = {10.1007/s41116-016-0004-3},
       adsurl = {https://ui.adsabs.harvard.edu/abs/2017LRSP...14....2B},
      adsnote = {Provided by the SAO/NASA Astrophysics Data System}
}

@INBOOK{carmichael64,
       author = {{Carmichael}, H.},
        title = "{A Process for Flares}",
    booktitle = {NASA Special Publication},
         year = 1964,
       volume = {50},
        pages = {451},
       adsurl = {https://ui.adsabs.harvard.edu/abs/1964NASSP..50..451C},
      adsnote = {Provided by the SAO/NASA Astrophysics Data System}
}


@ARTICLE{sturrock66,
       author = {{Sturrock}, P.~A.},
        title = "{Model of the High-Energy Phase of Solar Flares}",
      journal = {\nat},
         year = 1966,
        month = aug,
       volume = {211},
       number = {5050},
        pages = {695-697},
          doi = {10.1038/211695a0},
       adsurl = {https://ui.adsabs.harvard.edu/abs/1966Natur.211..695S},
      adsnote = {Provided by the SAO/NASA Astrophysics Data System}
}

@ARTICLE{hirayama74,
       author = {{Hirayama}, T.},
        title = "{Theoretical Model of Flares and Prominences. I: Evaporating Flare Model}",
      journal = {\solphys},
         year = 1974,
        month = feb,
       volume = {34},
       number = {2},
        pages = {323-338},
          doi = {10.1007/BF00153671},
       adsurl = {https://ui.adsabs.harvard.edu/abs/1974SoPh...34..323H},
      adsnote = {Provided by the SAO/NASA Astrophysics Data System}
}

@ARTICLE{kopp76,
       author = {{Kopp}, R.~A. and {Pneuman}, G.~W.},
        title = "{Magnetic reconnection in the corona and the loop prominence phenomenon.}",
      journal = {\solphys},
     keywords = {Magnetic Disturbances, Solar Corona, Solar Magnetic Field, Solar Prominences, Chromosphere, H Alpha Line, Lines Of Force, Magnetic Flux, Shock Wave Propagation, Solar Wind, Solar Physics},
         year = 1976,
        month = oct,
       volume = {50},
       number = {1},
        pages = {85-98},
          doi = {10.1007/BF00206193},
       adsurl = {https://ui.adsabs.harvard.edu/abs/1976SoPh...50...85K},
      adsnote = {Provided by the SAO/NASA Astrophysics Data System}
}

@ARTICLE{rhessi,
       author = {{Lin}, R.~P. and {Dennis}, B.~R. and {Hurford}, G.~J. and {Smith}, D.~M. and {Zehnder}, A. and {Harvey}, P.~R. and {Curtis}, D.~W. and {Pankow}, D. and {Turin}, P. and {Bester}, M. and {Csillaghy}, A. and {Lewis}, M. and {Madden}, N. and {van Beek}, H.~F. and {Appleby}, M. and {Raudorf}, T. and {McTiernan}, J. and {Ramaty}, R. and {Schmahl}, E. and {Schwartz}, R. and {Krucker}, S. and {Abiad}, R. and {Quinn}, T. and {Berg}, P. and {Hashii}, M. and {Sterling}, R. and {Jackson}, R. and {Pratt}, R. and {Campbell}, R.~D. and {Malone}, D. and {Landis}, D. and {Barrington-Leigh}, C.~P. and {Slassi-Sennou}, S. and {Cork}, C. and {Clark}, D. and {Amato}, D. and {Orwig}, L. and {Boyle}, R. and {Banks}, I.~S. and {Shirey}, K. and {Tolbert}, A.~K. and {Zarro}, D. and {Snow}, F. and {Thomsen}, K. and {Henneck}, R. and {McHedlishvili}, A. and {Ming}, P. and {Fivian}, M. and {Jordan}, John and {Wanner}, Richard and {Crubb}, Jerry and {Preble}, J. and {Matranga}, M. and {Benz}, A. and {Hudson}, H. and {Canfield}, R.~C. and {Holman}, G.~D. and {Crannell}, C. and {Kosugi}, T. and {Emslie}, A.~G. and {Vilmer}, N. and {Brown}, J.~C. and {Johns-Krull}, C. and {Aschwanden}, M. and {Metcalf}, T. and {Conway}, A.},
        title = "{The Reuven Ramaty High-Energy Solar Spectroscopic Imager (RHESSI)}",
      journal = {\solphys},
         year = 2002,
        month = nov,
       volume = {210},
       number = {1},
        pages = {3-32},
          doi = {10.1023/A:1022428818870},
       adsurl = {https://ui.adsabs.harvard.edu/abs/2002SoPh..210....3L},
      adsnote = {Provided by the SAO/NASA Astrophysics Data System}
}

@INPROCEEDINGS{judge98,
       author = {{Judge}, D.~L. and {McMullin}, D.~R. and {Ogawa}, H.~S. and {Hovestadt}, D. and {Klecker}, B. and {Hilchenbach}, M. and {M{\"o}bius}, E. and {Canfield}, L.~R. and {Vest}, R.~E. and {Watts}, R. and {Tarrio}, C. and {K{\"u}hne}, M. and {Wurz}, P.},
        title = "{First Solar EUV Irradiances Obtained from SOHO by the CELIAS/SEM}",
    booktitle = {Solar Electromagnetic Radiation Study for Solar Cycle 22},
         year = 1998,
       editor = {{Pap}, J.~M. and {Frohlich}, C. and {Ulrich}, R.~K.},
        month = jan,
        pages = {161},
       adsurl = {https://ui.adsabs.harvard.edu/abs/1998sers.conf..161J},
      adsnote = {Provided by the SAO/NASA Astrophysics Data System}
}

ï»¿@Article{haigh07,
author={Haigh, Joanna D.},
title={The Sun and the Earth's Climate},
journal={Living Reviews in Solar Physics},
year={2007},
month={Oct},
day={02},
volume={4},
number={1},
pages={2},
abstract={Variations in solar activity, at least as observed in numbers of sunspots, have been apparent since ancient times but to what extent solar variability may affect global climate has been far more controversial. The subject had been in and out of fashion for at least two centuries but the current need to distinguish between natural and anthropogenic causes of climate change has brought it again to the forefront of meteorological research. The absolute radiometers carried by satellites since the late 1970s have produced indisputable evidence that total solar irradiance varies systematically over the 11-year sunspot cycle, relegating to history the term ``solar constant'', but it is difficult to explain how the apparent response to the Sun, seen in many climate records, can be brought about by these rather small changes in radiation. This article reviews some of the evidence for a solar influence on the lower atmosphere and discusses some of the mechanisms whereby the Sun may produce more significant impacts than might be surmised from a consideration only of variations in total solar irradiance.},
issn={1614-4961},
doi={10.12942/lrsp-2007-2},
url={https://doi.org/10.12942/lrsp-2007-2}
}

@ARTICLE{fletcher11,
       author = {{Fletcher}, L. and {Dennis}, B.~R. and {Hudson}, H.~S. and {Krucker}, S. and {Phillips}, K. and {Veronig}, A. and {Battaglia}, M. and {Bone}, L. and {Caspi}, A. and {Chen}, Q. and {Gallagher}, P. and {Grigis}, P.~T. and {Ji}, H. and {Liu}, W. and {Milligan}, R.~O. and {Temmer}, M.},
        title = "{An Observational Overview of Solar Flares}",
      journal = {\ssr},
     keywords = {Sun, Astrophysics - Solar and Stellar Astrophysics},
         year = 2011,
        month = sep,
       volume = {159},
       number = {1-4},
        pages = {19-106},
          doi = {10.1007/s11214-010-9701-8},
archivePrefix = {arXiv},
       eprint = {1109.5932},
 primaryClass = {astro-ph.SR},
       adsurl = {https://ui.adsabs.harvard.edu/abs/2011SSRv..159...19F},
      adsnote = {Provided by the SAO/NASA Astrophysics Data System}
}

@INPROCEEDINGS{solexs,
       author = {{Sankarasubramanian}, K. and {Ramadevi}, M.~C. and {Bug}, Monoj and {Umapathy}, C.~N. and {Seetha}, S. and {Sreekumar}, P. and {Kumar}},
        title = "{SoLEXS - A low energy X-ray spectrometer for solar coronal studies}",
     keywords = {Sun: flares, Sun: X-rays, instrumentation: detectors, Astrophysics - Instrumentation and Methods for Astrophysics, Astrophysics - Solar and Stellar Astrophysics},
    booktitle = {Astronomical Society of India Conference Series},
         year = 2011,
       series = {Astronomical Society of India Conference Series},
       volume = {2},
        month = jan,
        pages = {63-69},
archivePrefix = {arXiv},
       eprint = {1111.5820},
 primaryClass = {astro-ph.IM},
       adsurl = {https://ui.adsabs.harvard.edu/abs/2011ASInC...2...63S},
      adsnote = {Provided by the SAO/NASA Astrophysics Data System}
}

@ARTICLE{kuhar16,
       author = {{Kuhar}, Matej and {Krucker}, S{\"a}m and {Mart{\'\i}nez Oliveros}, Juan Carlos and {Battaglia}, Marina and {Kleint}, Lucia and {Casadei}, Diego and {Hudson}, Hugh S.},
        title = "{Correlation of Hard X-Ray and White Light Emission in Solar Flares}",
      journal = {\apj},
     keywords = {Sun: flares, Sun: particle emission, Sun: X-rays, gamma rays, Astrophysics - Solar and Stellar Astrophysics},
         year = 2016,
        month = jan,
       volume = {816},
       number = {1},
          eid = {6},
        pages = {6},
          doi = {10.3847/0004-637X/816/1/6},
archivePrefix = {arXiv},
       eprint = {1511.07757},
 primaryClass = {astro-ph.SR},
       adsurl = {https://ui.adsabs.harvard.edu/abs/2016ApJ...816....6K},
      adsnote = {Provided by the SAO/NASA Astrophysics Data System}
}


@ARTICLE{xrt,
       author = {{Golub}, L. and {DeLuca}, E. and {Austin}, G. and {Bookbinder}, J. and {Caldwell}, D. and {Cheimets}, P. and {Cirtain}, J. and {Cosmo}, M. and {Reid}, P. and {Sette}, A. and {Weber}, M. and {Sakao}, T. and {Kano}, R. and {Shibasaki}, K. and {Hara}, H. and {Tsuneta}, S. and {Kumagai}, K. and {Tamura}, T. and {Shimojo}, M. and {McCracken}, J. and {Carpenter}, J. and {Haight}, H. and {Siler}, R. and {Wright}, E. and {Tucker}, J. and {Rutledge}, H. and {Barbera}, M. and {Peres}, G. and {Varisco}, S.},
        title = "{The X-Ray Telescope (XRT) for the Hinode Mission}",
      journal = {\solphys},
     keywords = {Polyimide, Focal Plane, Focus Mechanism, Point Spread Function, Focus Position},
         year = 2007,
        month = jun,
       volume = {243},
       number = {1},
        pages = {63-86},
          doi = {10.1007/s11207-007-0182-1},
       adsurl = {https://ui.adsabs.harvard.edu/abs/2007SoPh..243...63G},
      adsnote = {Provided by the SAO/NASA Astrophysics Data System}
}

@ARTICLE{sdo,
       author = {{Pesnell}, W. Dean and {Thompson}, B.~J. and {Chamberlin}, P.~C.},
        title = "{The Solar Dynamics Observatory (SDO)}",
      journal = {\solphys},
     keywords = {SDO, Solar cycle, Helioseismology, Coronal, Space weather},
         year = 2012,
        month = jan,
       volume = {275},
       number = {1-2},
        pages = {3-15},
          doi = {10.1007/s11207-011-9841-3},
       adsurl = {https://ui.adsabs.harvard.edu/abs/2012SoPh..275....3P},
      adsnote = {Provided by the SAO/NASA Astrophysics Data System}
}

@ARTICLE{suvi,
       author = {{Darnel}, Jonathan M. and {Seaton}, Daniel B. and {Bethge}, Christian and {Rachmeler}, Laurel and {Jarvis}, Alison and {Hill}, Steven M. and {Peck}, Courtney L. and {Hughes}, J. Marcus and {Shapiro}, Jason and {Riley}, Allyssa and {Vasudevan}, Gopal and {Shing}, Lawrence and {Koener}, George and {Edwards}, Chris and {Mathur}, Dnyanesh and {Timothy}, Shelbe},
        title = "{The GOES-R Solar UltraViolet Imager}",
      journal = {Space Weather},
         year = 2022,
        month = apr,
       volume = {20},
       number = {4},
          eid = {e2022SW003044},
        pages = {e2022SW003044},
          doi = {10.1029/2022SW003044},
       adsurl = {https://ui.adsabs.harvard.edu/abs/2022SpWea..2003044D},
      adsnote = {Provided by the SAO/NASA Astrophysics Data System}
}

@ARTICLE{so,
       author = {{M{\"u}ller}, D. and {St. Cyr}, O.~C. and {Zouganelis}, I. and {Gilbert}, H.~R. and {Marsden}, R. and {Nieves-Chinchilla}, T. and {Antonucci}, E. and {Auch{\`e}re}, F. and {Berghmans}, D. and {Horbury}, T.~S. and {Howard}, R.~A. and {Krucker}, S. and {Maksimovic}, M. and {Owen}, C.~J. and {Rochus}, P. and {Rodriguez-Pacheco}, J. and {Romoli}, M. and {Solanki}, S.~K. and {Bruno}, R. and {Carlsson}, M. and {Fludra}, A. and {Harra}, L. and {Hassler}, D.~M. and {Livi}, S. and {Louarn}, P. and {Peter}, H. and {Sch{\"u}hle}, U. and {Teriaca}, L. and {del Toro Iniesta}, J.~C. and {Wimmer-Schweingruber}, R.~F. and {Marsch}, E. and {Velli}, M. and {De Groof}, A. and {Walsh}, A. and {Williams}, D.},
        title = "{The Solar Orbiter mission. Science overview}",
      journal = {\aap},
     keywords = {Sun: general, Sun: magnetic fields, Sun: activity, Sun: atmosphere, solar wind, methods: observational, Astrophysics - Solar and Stellar Astrophysics, Astrophysics - Instrumentation and Methods for Astrophysics},
         year = 2020,
        month = oct,
       volume = {642},
          eid = {A1},
        pages = {A1},
          doi = {10.1051/0004-6361/202038467},
archivePrefix = {arXiv},
       eprint = {2009.00861},
 primaryClass = {astro-ph.SR},
       adsurl = {https://ui.adsabs.harvard.edu/abs/2020A&A...642A...1M},
      adsnote = {Provided by the SAO/NASA Astrophysics Data System}
}

@INCOLLECTION{stix,
       author = {{Hayes}, Laura A. and {Musset}, Sophie and {M{\"u}ller}, Daniel and {Krucker}, S{\"a}m},
        title = "{The Spectrometer Telescope for Imaging X-Rays (STIX) on Solar Orbiter}",
     keywords = {Astrophysics - Solar and Stellar Astrophysics, Astrophysics - Instrumentation and Methods for Astrophysics, Physics - Space Physics},
    booktitle = {Handbook of X-ray and Gamma-ray Astrophysics},
         year = 2022,
          eid = {96},
        pages = {96},
          doi = {10.1007/978-981-16-4544-0_168-1},
       adsurl = {https://ui.adsabs.harvard.edu/abs/2022hxga.book...96H},
      adsnote = {Provided by the SAO/NASA Astrophysics Data System}
}

@ARTICLE{machado89,
       author = {{Machado}, Marcos E. and {Emslie}, A. Gordon and {Avrett}, Eugene H.},
        title = "{Radiative Backwarming in White-Light Flares}",
      journal = {\solphys},
     keywords = {Chromosphere, Radiative Transfer, Solar Flares, Solar Spectra, Atmospheric Models, Balmer Series, Electron Bombardment, Emission Spectra, Far Ultraviolet Radiation, Solar Atmosphere, X Ray Irradiation, Solar Physics, Flare, Solar Flare, Flare Event, Temperature Enhancement, Radiative Coupling},
         year = 1989,
        month = sep,
       volume = {124},
       number = {2},
        pages = {303-317},
          doi = {10.1007/BF00156272},
       adsurl = {https://ui.adsabs.harvard.edu/abs/1989SoPh..124..303M},
      adsnote = {Provided by the SAO/NASA Astrophysics Data System}
}


@ARTICLE{fletcher07,
       author = {{Fletcher}, L. and {Hannah}, I.~G. and {Hudson}, H.~S. and {Metcalf}, T.~R.},
        title = "{A TRACE White Light and RHESSI Hard X-Ray Study of Flare Energetics}",
      journal = {\apj},
     keywords = {X-Rays: General, Radio Continuum: General},
         year = 2007,
        month = feb,
       volume = {656},
       number = {2},
        pages = {1187-1196},
          doi = {10.1086/510446},
       adsurl = {https://ui.adsabs.harvard.edu/abs/2007ApJ...656.1187F},
      adsnote = {Provided by the SAO/NASA Astrophysics Data System}
}

@ARTICLE{watanabe10,
       author = {{Watanabe}, Kyoko and {Krucker}, S{\"a}m and {Hudson}, Hugh and {Shimizu}, Toshifumi and {Masuda}, Satoshi and {Ichimoto}, Kiyoshi},
        title = "{G-band and Hard X-ray Emissions of the 2006 December 14 Flare Observed by Hinode/SOT and Rhessi}",
      journal = {\apj},
     keywords = {Sun: chromosphere, Sun: flares, Sun: particle emission, Sun: photosphere, Sun: X-rays, gamma rays, Astrophysics - Solar and Stellar Astrophysics},
         year = 2010,
        month = may,
       volume = {715},
       number = {1},
        pages = {651-655},
          doi = {10.1088/0004-637X/715/1/651},
archivePrefix = {arXiv},
       eprint = {1004.4259},
 primaryClass = {astro-ph.SR},
       adsurl = {https://ui.adsabs.harvard.edu/abs/2010ApJ...715..651W},
      adsnote = {Provided by the SAO/NASA Astrophysics Data System}
}

@ARTICLE{krucker11,
       author = {{Krucker}, S{\"a}m and {Hudson}, H.~S. and {Jeffrey}, N.~L.~S. and {Battaglia}, M. and {Kontar}, E.~P. and {Benz}, A.~O. and {Csillaghy}, A. and {Lin}, R.~P.},
        title = "{High-resolution Imaging of Solar Flare Ribbons and Its Implication on the Thick-target Beam Model}",
      journal = {\apj},
     keywords = {Sun: flares, Sun: X-rays, gamma rays},
         year = 2011,
        month = oct,
       volume = {739},
       number = {2},
          eid = {96},
        pages = {96},
          doi = {10.1088/0004-637X/739/2/96},
       adsurl = {https://ui.adsabs.harvard.edu/abs/2011ApJ...739...96K},
      adsnote = {Provided by the SAO/NASA Astrophysics Data System}
}

@ARTICLE{kerr14,
       author = {{Kerr}, G.~S. and {Fletcher}, L.},
        title = "{Physical Properties of White-light Sources in the 2011 February 15 Solar Flare}",
      journal = {\apj},
     keywords = {Sun: chromosphere, Sun: flares, Sun: photosphere, Astrophysics - Solar and Stellar Astrophysics},
         year = 2014,
        month = mar,
       volume = {783},
       number = {2},
          eid = {98},
        pages = {98},
          doi = {10.1088/0004-637X/783/2/98},
archivePrefix = {arXiv},
       eprint = {1401.4877},
 primaryClass = {astro-ph.SR},
       adsurl = {https://ui.adsabs.harvard.edu/abs/2014ApJ...783...98K},
      adsnote = {Provided by the SAO/NASA Astrophysics Data System}
}

@ARTICLE{isobe02,
       author = {{Isobe}, Hiroaki and {Yokoyama}, Takaaki and {Shimojo}, Masumi and {Morimoto}, Taro and {Kozu}, Hiromichi and {Eto}, Shigeru and {Narukage}, Noriyuki and {Shibata}, Kazunari},
        title = "{Reconnection Rate in the Decay Phase of a Long Duration Event Flare on 1997 May 12}",
      journal = {\apj},
     keywords = {Sun: Corona, Sun: Flares, Sun: X-Rays, Gamma Rays},
         year = 2002,
        month = feb,
       volume = {566},
       number = {1},
        pages = {528-538},
          doi = {10.1086/324777},
       adsurl = {https://ui.adsabs.harvard.edu/abs/2002ApJ...566..528I},
      adsnote = {Provided by the SAO/NASA Astrophysics Data System}
}

@ARTICLE{qiu02,
       author = {{Qiu}, Jiong and {Lee}, Jeongwoo and {Gary}, Dale E. and {Wang}, Haimin},
        title = "{Motion of Flare Footpoint Emission and Inferred Electric Field in Reconnecting Current Sheets}",
      journal = {\apj},
     keywords = {Sun: Activity, Sun: Flares, Sun: Magnetic Fields},
         year = 2002,
        month = feb,
       volume = {565},
       number = {2},
        pages = {1335-1347},
          doi = {10.1086/324706},
       adsurl = {https://ui.adsabs.harvard.edu/abs/2002ApJ...565.1335Q},
      adsnote = {Provided by the SAO/NASA Astrophysics Data System}
}

@ARTICLE{fletcher09,
       author = {{Fletcher}, L.},
        title = "{Ultra-violet footpoints as tracers of coronal magnetic connectivity and restructuring during a solar flare}",
      journal = {\aap},
     keywords = {Sun: activity, Sun: flares, Sun: magnetic fields, Sun: UV radiation},
         year = 2009,
        month = jan,
       volume = {493},
       number = {1},
        pages = {241-250},
          doi = {10.1051/0004-6361:20077972},
       adsurl = {https://ui.adsabs.harvard.edu/abs/2009A&A...493..241F},
      adsnote = {Provided by the SAO/NASA Astrophysics Data System}
}

@ARTICLE{liu18,
       author = {{Liu}, Chang and {Cao}, Wenda and {Chae}, Jongchul and {Ahn}, Kwangsu and {Prasad Choudhary}, Debi and {Lee}, Jeongwoo and {Liu}, Rui and {Deng}, Na and {Wang}, Jiasheng and {Wang}, Haimin},
        title = "{Evolution of Photospheric Vector Magnetic Field Associated with Moving Flare Ribbons as Seen by GST}",
      journal = {\apj},
     keywords = {Sun: activity, Sun: flares, Sun: magnetic fields, Astrophysics - Solar and Stellar Astrophysics},
         year = 2018,
        month = dec,
       volume = {869},
       number = {1},
          eid = {21},
        pages = {21},
          doi = {10.3847/1538-4357/aaecd0},
archivePrefix = {arXiv},
       eprint = {1810.11733},
 primaryClass = {astro-ph.SR},
       adsurl = {https://ui.adsabs.harvard.edu/abs/2018ApJ...869...21L},
      adsnote = {Provided by the SAO/NASA Astrophysics Data System}
}

@ARTICLE{canon23,
       author = {{Cannon}, Bryce and {Jing}, Ju and {Li}, Qin and {Liu}, Nian and {Lee}, Jeongwoo and {Cao}, Wenda and {Wang}, Haimin},
        title = "{Magnetic Reconnection Rate in the M6.5 Solar Flare on 2015 June 22}",
      journal = {\apj},
     keywords = {Solar flares, Solar magnetic reconnection, 1496, 1504},
         year = 2023,
        month = jun,
       volume = {950},
       number = {2},
          eid = {144},
        pages = {144},
          doi = {10.3847/1538-4357/accf9f},
       adsurl = {https://ui.adsabs.harvard.edu/abs/2023ApJ...950..144C},
      adsnote = {Provided by the SAO/NASA Astrophysics Data System}
}

@ARTICLE{qiu22,
       author = {{Qiu}, J. and {Cheng}, J.},
        title = "{Properties and Energetics of Magnetic Reconnection: I. Evolution of Flare Ribbons}",
      journal = {\solphys},
     keywords = {Sun: flares, Sun: UV radiation, Sun: X-rays, Magnetic reconnection, Astrophysics - Solar and Stellar Astrophysics},
         year = 2022,
        month = jul,
       volume = {297},
       number = {7},
          eid = {80},
        pages = {80},
          doi = {10.1007/s11207-022-02003-7},
archivePrefix = {arXiv},
       eprint = {2205.03004},
 primaryClass = {astro-ph.SR},
       adsurl = {https://ui.adsabs.harvard.edu/abs/2022SoPh..297...80Q},
      adsnote = {Provided by the SAO/NASA Astrophysics Data System}
}

@ARTICLE{forbes2000,
       author = {{Forbes}, T.~G. and {Lin}, J.},
        title = "{What can we learn about reconnection from coronal mass ejections?}",
      journal = {Journal of Atmospheric and Solar-Terrestrial Physics},
         year = 2000,
        month = nov,
       volume = {62},
       number = {16},
        pages = {1499-1507},
          doi = {10.1016/S1364-6826(00)00083-3},
       adsurl = {https://ui.adsabs.harvard.edu/abs/2000JASTP..62.1499F},
      adsnote = {Provided by the SAO/NASA Astrophysics Data System}
}

@ARTICLE{naus22,
       author = {{Naus}, S.~J. and {Qiu}, J. and {DeVore}, C.~R. and {Antiochos}, S.~K. and {Dahlin}, J.~T. and {Drake}, J.~F. and {Swisdak}, M.},
        title = "{Correlated Spatio-temporal Evolution of Extreme-Ultraviolet Ribbons and Hard X-Rays in a Solar Flare}",
      journal = {\apj},
     keywords = {1496, 1816, 1493, 1495, 1977, 1504, Astrophysics - Solar and Stellar Astrophysics, Astrophysics - High Energy Astrophysical Phenomena, Physics - Plasma Physics},
         year = 2022,
        month = feb,
       volume = {926},
       number = {2},
          eid = {218},
        pages = {218},
          doi = {10.3847/1538-4357/ac4028},
archivePrefix = {arXiv},
       eprint = {2109.15314},
 primaryClass = {astro-ph.SR},
       adsurl = {https://ui.adsabs.harvard.edu/abs/2022ApJ...926..218N},
      adsnote = {Provided by the SAO/NASA Astrophysics Data System}
}

@ARTICLE{juraj19,
       author = {{L{\"o}rin{\v{c}}{\'\i}k}, Juraj and {Aulanier}, Guillaume and {Dud{\'\i}k}, Jaroslav and {Zemanov{\'a}}, Alena and {Dzif{\v{c}}{\'a}kov{\'a}}, Elena},
        title = "{Velocities of Flare Kernels and the Mapping Norm of Field Line Connectivity}",
      journal = {\apj},
     keywords = {magnetic reconnection, Sun: flares, Sun: transition region, Sun: UV radiation, Sun: X-rays, gamma rays, Astrophysics - Solar and Stellar Astrophysics},
         year = 2019,
        month = aug,
       volume = {881},
       number = {1},
          eid = {68},
        pages = {68},
          doi = {10.3847/1538-4357/ab298f},
archivePrefix = {arXiv},
       eprint = {1906.01880},
 primaryClass = {astro-ph.SR},
       adsurl = {https://ui.adsabs.harvard.edu/abs/2019ApJ...881...68L},
      adsnote = {Provided by the SAO/NASA Astrophysics Data System}
}

@ARTICLE{french21,
       author = {{French}, Ryan J. and {Matthews}, Sarah A. and {Jonathan Rae}, I. and {Smith}, Andrew W.},
        title = "{Probing Current Sheet Instabilities from Flare Ribbon Dynamics}",
      journal = {\apj},
     keywords = {1496, 1504, 1476, 1477, 1693, 1982, Astrophysics - Solar and Stellar Astrophysics, Physics - Plasma Physics, Physics - Space Physics},
         year = 2021,
        month = dec,
       volume = {922},
       number = {2},
          eid = {117},
        pages = {117},
          doi = {10.3847/1538-4357/ac256f},
archivePrefix = {arXiv},
       eprint = {2109.03753},
 primaryClass = {astro-ph.SR},
       adsurl = {https://ui.adsabs.harvard.edu/abs/2021ApJ...922..117F},
      adsnote = {Provided by the SAO/NASA Astrophysics Data System}
}

@ARTICLE{sindhuja19,
       author = {{Sindhuja}, G. and {Srivastava}, Nandita and {Veronig}, A.~M. and {P{\"o}tzi}, W.},
        title = "{Study of reconnection rates and light curves in solar flares from low and mid chromosphere}",
      journal = {\mnras},
     keywords = {Sun: chromosphere, Sun: flares},
         year = 2019,
        month = jan,
       volume = {482},
       number = {3},
        pages = {3744-3756},
          doi = {10.1093/mnras/sty2887},
       adsurl = {https://ui.adsabs.harvard.edu/abs/2019MNRAS.482.3744S},
      adsnote = {Provided by the SAO/NASA Astrophysics Data System}
}


@ARTICLE{adityaxspec17,
       author = {{Sankarasubramanian}, K. and {Sudhakar}, Manju and {Nandi}, Anuj and {Ramadevi}, M.~C. and {Adoni}, Abhijit Avinash and {Kushwaha}, Ankur and {Agarwal}, Anil and {Dey}, Arjun and {Joshi}, Bhuwan and {Singh}, Brajpal and {Girish}, V. and {Tomar}, Ishan and {Majhi}, Kamal Kumar and {Olekar}, Manjunath and {Bug}, Monoj and {Pala}, Manohar and {Thakur}, Mukund Kumar and {Badagandi}, Rajeev R. and {Ravishankar}, B.~T. and {Garg}, Sarthak and {Sitaramamurthy}, N. and {Sridhara}, N. and {Umapathy}, C.~N. and {Gupta}, Vinod Kumar and {Agrawal}, Vivek Kumar and {Yougandar}, B.},
        title = "{X-ray spectrometers on-board Aditya-L1 for solar flare studies}",
      journal = {Current Science},
         year = 2017,
        month = aug,
       volume = {113},
       number = {4},
        pages = {625},
          doi = {10.18520/cs/v113/i04/625-627},
       adsurl = {https://ui.adsabs.harvard.edu/abs/2017CSci..113..625S},
      adsnote = {Provided by the SAO/NASA Astrophysics Data System}
}

@ARTICLE{xu12,
       author = {{Xu}, Yan and {Cao}, Wenda and {Jing}, Ju and {Wang}, Haimin},
        title = "{Characteristic Size of Flare Kernels in the Visible and Near-infrared Continua}",
      journal = {\apjl},
     keywords = {Sun: activity, Sun: flares, Sun: infrared, Sun: photosphere},
         year = 2012,
        month = may,
       volume = {750},
       number = {1},
          eid = {L7},
        pages = {L7},
          doi = {10.1088/2041-8205/750/1/L7},
       adsurl = {https://ui.adsabs.harvard.edu/abs/2012ApJ...750L...7X},
      adsnote = {Provided by the SAO/NASA Astrophysics Data System}
}

@ARTICLE{jing16,
       author = {{Jing}, Ju and {Xu}, Yan and {Cao}, Wenda and {Liu}, Chang and {Gary}, Dale and {Wang}, Haimin},
        title = "{Unprecedented Fine Structure of a Solar Flare Revealed by the 1.6{\,}m New Solar Telescope}",
      journal = {Scientific Reports},
     keywords = {Astrophysics - Solar and Stellar Astrophysics},
         year = 2016,
        month = apr,
       volume = {6},
          eid = {24319},
        pages = {24319},
          doi = {10.1038/srep24319},
archivePrefix = {arXiv},
       eprint = {1604.08562},
 primaryClass = {astro-ph.SR},
       adsurl = {https://ui.adsabs.harvard.edu/abs/2016NatSR...624319J},
      adsnote = {Provided by the SAO/NASA Astrophysics Data System}
}

@ARTICLE{sharykin14,
       author = {{Sharykin}, I.~N. and {Kosovichev}, A.~G.},
        title = "{Fine Structure of Flare Ribbons and Evolution of Electric Currents}",
      journal = {\apjl},
     keywords = {Sun: flares, Sun: magnetic fields, Astrophysics - Solar and Stellar Astrophysics},
         year = 2014,
        month = jun,
       volume = {788},
       number = {1},
          eid = {L18},
        pages = {L18},
          doi = {10.1088/2041-8205/788/1/L18},
archivePrefix = {arXiv},
       eprint = {1404.5104},
 primaryClass = {astro-ph.SR},
       adsurl = {https://ui.adsabs.harvard.edu/abs/2014ApJ...788L..18S},
      adsnote = {Provided by the SAO/NASA Astrophysics Data System}
}

@ARTICLE{xu06,
       author = {{Xu}, Yan and {Cao}, Wenda and {Liu}, Chang and {Yang}, Guo and {Jing}, Ju and {Denker}, Carsten and {Emslie}, A. Gordon and {Wang}, Haimin},
        title = "{High-Resolution Observations of Multiwavelength Emissions during Two X-Class White-Light Flares}",
      journal = {\apj},
     keywords = {Sun: Activity, Sun: Flares, Sun: Photosphere},
         year = 2006,
        month = apr,
       volume = {641},
       number = {2},
        pages = {1210-1216},
          doi = {10.1086/500632},
       adsurl = {https://ui.adsabs.harvard.edu/abs/2006ApJ...641.1210X},
      adsnote = {Provided by the SAO/NASA Astrophysics Data System}
}

@ARTICLE{isobe07,
       author = {{Isobe}, H. and {Tripathi}, D. and {Archontis}, V.},
        title = "{Ellerman Bombs and Jets Associated with Resistive Flux Emergence}",
      journal = {\apjl},
     keywords = {Magnetohydrodynamics: MHD, Sun: Chromosphere, Sun: Corona, Sun: Photosphere},
         year = 2007,
        month = mar,
       volume = {657},
       number = {1},
        pages = {L53-L56},
          doi = {10.1086/512969},
       adsurl = {https://ui.adsabs.harvard.edu/abs/2007ApJ...657L..53I},
      adsnote = {Provided by the SAO/NASA Astrophysics Data System}
}

@ARTICLE{mulay23,
       author = {{Mulay}, Sargam M. and {Fletcher}, Lyndsay and {Hudson}, Hugh and {Labrosse}, Nicolas},
        title = "{Behaviour of molecular hydrogen emission in three solar flares}",
      journal = {\mnras},
     keywords = {Sun: activity, Sun: atmosphere, Sun: chromosphere, Sun: flares, Sun: transition region, Sun: UV radiation, Astrophysics - Solar and Stellar Astrophysics},
         year = 2023,
        month = dec,
       volume = {526},
       number = {3},
        pages = {4755-4767},
          doi = {10.1093/mnras/stad2853},
archivePrefix = {arXiv},
       eprint = {2309.07799},
 primaryClass = {astro-ph.SR},
       adsurl = {https://ui.adsabs.harvard.edu/abs/2023MNRAS.526.4755M},
      adsnote = {Provided by the SAO/NASA Astrophysics Data System}
}

@ARTICLE{ashfield22,
       author = {{Ashfield}, William H., IV and {Longcope}, Dana W. and {Zhu}, Chunming and {Qiu}, Jiong},
        title = "{Connecting Chromospheric Condensation Signatures to Reconnection-driven Heating Rates in an Observed Flare}",
      journal = {\apj},
     keywords = {1496, 1479, 1533, Astrophysics - Solar and Stellar Astrophysics},
         year = 2022,
        month = feb,
       volume = {926},
       number = {2},
          eid = {164},
        pages = {164},
          doi = {10.3847/1538-4357/ac402d},
archivePrefix = {arXiv},
       eprint = {2112.02150},
 primaryClass = {astro-ph.SR},
       adsurl = {https://ui.adsabs.harvard.edu/abs/2022ApJ...926..164A},
      adsnote = {Provided by the SAO/NASA Astrophysics Data System}
}

@ARTICLE{brannon15,
       author = {{Brannon}, S.~R. and {Longcope}, D.~W. and {Qiu}, J.},
        title = "{Spectroscopic Observations of an Evolving Flare Ribbon Substructure Suggesting Origin in Current Sheet Waves}",
      journal = {\apj},
     keywords = {Sun: chromosphere, Sun: flares, Sun: transition region, Astrophysics - Solar and Stellar Astrophysics},
         year = 2015,
        month = sep,
       volume = {810},
       number = {1},
          eid = {4},
        pages = {4},
          doi = {10.1088/0004-637X/810/1/4},
archivePrefix = {arXiv},
       eprint = {1507.01554},
 primaryClass = {astro-ph.SR},
       adsurl = {https://ui.adsabs.harvard.edu/abs/2015ApJ...810....4B},
      adsnote = {Provided by the SAO/NASA Astrophysics Data System}
}

@ARTICLE{stoiser07,
       author = {{Stoiser}, S. and {Veronig}, A.~M. and {Aurass}, H. and {Hanslmeier}, A.},
        title = "{RHESSI Microflares: I. X-Ray Properties and Multiwavelength Characteristics}",
      journal = {\solphys},
     keywords = {Sun: flares, Sun: X-rays, Sun: corona},
         year = 2007,
        month = dec,
       volume = {246},
       number = {2},
        pages = {339-364},
          doi = {10.1007/s11207-007-9066-7},
       adsurl = {https://ui.adsabs.harvard.edu/abs/2007SoPh..246..339S},
      adsnote = {Provided by the SAO/NASA Astrophysics Data System}
}

@ARTICLE{emslie12,
       author = {{Emslie}, A.~G. and {Dennis}, B.~R. and {Shih}, A.~Y. and {Chamberlin}, P.~C. and {Mewaldt}, R.~A. and {Moore}, C.~S. and {Share}, G.~H. and {Vourlidas}, A. and {Welsch}, B.~T.},
        title = "{Global Energetics of Thirty-eight Large Solar Eruptive Events}",
      journal = {\apj},
     keywords = {Sun: activity, Sun: coronal mass ejections: CMEs, Sun: flares, Sun: particle emission, Sun: X-rays, gamma rays, Astrophysics - Solar and Stellar Astrophysics},
         year = 2012,
        month = nov,
       volume = {759},
       number = {1},
          eid = {71},
        pages = {71},
          doi = {10.1088/0004-637X/759/1/71},
archivePrefix = {arXiv},
       eprint = {1209.2654},
 primaryClass = {astro-ph.SR},
       adsurl = {https://ui.adsabs.harvard.edu/abs/2012ApJ...759...71E},
      adsnote = {Provided by the SAO/NASA Astrophysics Data System}
}

@ARTICLE{inglis14,
       author = {{Inglis}, A.~R. and {Christe}, S.},
        title = "{Investigating the Differential Emission Measure and Energetics of Microflares with Combined SDO/AIA and RHESSI observations}",
      journal = {\apj},
     keywords = {Sun: corona, Sun: flares, Sun: UV radiation, Sun: X-rays, gamma rays, Astrophysics - Solar and Stellar Astrophysics},
         year = 2014,
        month = jul,
       volume = {789},
       number = {2},
          eid = {116},
        pages = {116},
          doi = {10.1088/0004-637X/789/2/116},
archivePrefix = {arXiv},
       eprint = {1405.5262},
 primaryClass = {astro-ph.SR},
       adsurl = {https://ui.adsabs.harvard.edu/abs/2014ApJ...789..116I},
      adsnote = {Provided by the SAO/NASA Astrophysics Data System}
}

@ARTICLE{aschwanden17,
       author = {{Aschwanden}, Markus J. and {Caspi}, Amir and {Cohen}, Christina M.~S. and {Holman}, Gordon and {Jing}, Ju and {Kretzschmar}, Matthieu and {Kontar}, Eduard P. and {McTiernan}, James M. and {Mewaldt}, Richard A. and {O'Flannagain}, Aidan and {Richardson}, Ian G. and {Ryan}, Daniel and {Warren}, Harry P. and {Xu}, Yan},
        title = "{Global Energetics of Solar Flares. V. Energy Closure in Flares and Coronal Mass Ejections}",
      journal = {\apj},
     keywords = {Sun: activity, Sun: coronal mass ejections: CMEs, Sun: flares, Sun: particle emission, Sun: UV radiation, Sun: X-rays, gamma rays, Astrophysics - Solar and Stellar Astrophysics},
         year = 2017,
        month = feb,
       volume = {836},
       number = {1},
          eid = {17},
        pages = {17},
          doi = {10.3847/1538-4357/836/1/17},
archivePrefix = {arXiv},
       eprint = {1701.01176},
 primaryClass = {astro-ph.SR},
       adsurl = {https://ui.adsabs.harvard.edu/abs/2017ApJ...836...17A},
      adsnote = {Provided by the SAO/NASA Astrophysics Data System}
}

@ARTICLE{warmuth16a,
       author = {{Warmuth}, A. and {Mann}, G.},
        title = "{Constraints on energy release in solar flares from RHESSI and GOES X-ray observations. II. Energetics and energy partition}",
      journal = {\aap},
     keywords = {Sun: flares, Sun: X-rays, gamma rays, acceleration of particles},
         year = 2016,
        month = apr,
       volume = {588},
          eid = {A116},
        pages = {A116},
          doi = {10.1051/0004-6361/201527475},
       adsurl = {https://ui.adsabs.harvard.edu/abs/2016A&A...588A.116W},
      adsnote = {Provided by the SAO/NASA Astrophysics Data System}
}

@ARTICLE{warmuth16b,
       author = {{Warmuth}, A. and {Mann}, G.},
        title = "{Constraints on energy release in solar flares from RHESSI and GOES X-ray observations. I. Physical parameters and scalings}",
      journal = {\aap},
     keywords = {Sun: flares, Sun: X-rays, gamma rays, acceleration of particles},
         year = 2016,
        month = apr,
       volume = {588},
          eid = {A115},
        pages = {A115},
          doi = {10.1051/0004-6361/201527474},
       adsurl = {https://ui.adsabs.harvard.edu/abs/2016A&A...588A.115W},
      adsnote = {Provided by the SAO/NASA Astrophysics Data System}
}

@ARTICLE{qiu12,
       author = {{Qiu}, Jiong and {Liu}, Wen-Juan and {Longcope}, Dana W.},
        title = "{Heating of Flare Loops with Observationally Constrained Heating Functions}",
      journal = {\apj},
     keywords = {magnetic fields, magnetic reconnection, Sun: activity, Sun: flares, Astrophysics - Solar and Stellar Astrophysics},
         year = 2012,
        month = jun,
       volume = {752},
       number = {2},
          eid = {124},
        pages = {124},
          doi = {10.1088/0004-637X/752/2/124},
archivePrefix = {arXiv},
       eprint = {1201.0973},
 primaryClass = {astro-ph.SR},
       adsurl = {https://ui.adsabs.harvard.edu/abs/2012ApJ...752..124Q},
      adsnote = {Provided by the SAO/NASA Astrophysics Data System}
}

@ARTICLE{liu13,
       author = {{Liu}, Wen-Juan and {Qiu}, Jiong and {Longcope}, Dana W. and {Caspi}, Amir},
        title = "{Determining Heating Rates in Reconnection Formed Flare Loops of the M8.0 Flare on 2005 May 13}",
      journal = {\apj},
     keywords = {magnetic reconnection, Sun: flares, Sun: transition region, Sun: UV radiation, Sun: X-rays, gamma rays, Astrophysics - Solar and Stellar Astrophysics},
         year = 2013,
        month = jun,
       volume = {770},
       number = {2},
          eid = {111},
        pages = {111},
          doi = {10.1088/0004-637X/770/2/111},
archivePrefix = {arXiv},
       eprint = {1304.4521},
 primaryClass = {astro-ph.SR},
       adsurl = {https://ui.adsabs.harvard.edu/abs/2013ApJ...770..111L},
      adsnote = {Provided by the SAO/NASA Astrophysics Data System}
}

@ARTICLE{klimchuk08,
       author = {{Klimchuk}, J.~A. and {Patsourakos}, S. and {Cargill}, P.~J.},
        title = "{Highly Efficient Modeling of Dynamic Coronal Loops}",
      journal = {\apj},
     keywords = {hydrodynamics, methods: numerical, stars: coronae, Sun: corona, Sun: transition region, Astrophysics},
         year = 2008,
        month = aug,
       volume = {682},
       number = {2},
        pages = {1351-1362},
          doi = {10.1086/589426},
archivePrefix = {arXiv},
       eprint = {0710.0185},
 primaryClass = {astro-ph},
       adsurl = {https://ui.adsabs.harvard.edu/abs/2008ApJ...682.1351K},
      adsnote = {Provided by the SAO/NASA Astrophysics Data System}
}

@ARTICLE{2007SoPh..243...19C,
       author = {{Culhane}, J.~L. and {Harra}, L.~K. and {James}, A.~M. and {Al-Janabi}, K. and {Bradley}, L.~J. and {Chaudry}, R.~A. and {Rees}, K. and {Tandy}, J.~A. and {Thomas}, P. and {Whillock}, M.~C.~R. and {Winter}, B. and {Doschek}, G.~A. and {Korendyke}, C.~M. and {Brown}, C.~M. and {Myers}, S. and {Mariska}, J. and {Seely}, J. and {Lang}, J. and {Kent}, B.~J. and {Shaughnessy}, B.~M. and {Young}, P.~R. and {Simnett}, G.~M. and {Castelli}, C.~M. and {Mahmoud}, S. and {Mapson-Menard}, H. and {Probyn}, B.~J. and {Thomas}, R.~J. and {Davila}, J. and {Dere}, K. and {Windt}, D. and {Shea}, J. and {Hagood}, R. and {Moye}, R. and {Hara}, H. and {Watanabe}, T. and {Matsuzaki}, K. and {Kosugi}, T. and {Hansteen}, V. and {Wikstol}, {\O}.},
        title = "{The EUV Imaging Spectrometer for Hinode}",
      journal = {\solphys},
     keywords = {Face Sheet, Carbon Fiber Reinforce Plastic, Optical Bench, Solar Optical Telescope, Instrument Control Unit},
         year = 2007,
        month = jun,
       volume = {243},
       number = {1},
        pages = {19-61},
          doi = {10.1007/s01007-007-0293-1},
       adsurl = {https://ui.adsabs.harvard.edu/abs/2007SoPh..243...19C},
      adsnote = {Provided by the SAO/NASA Astrophysics Data System}
}

@ARTICLE{2020ApJ...891...17P,
       author = {{Panos}, Brandon and {Kleint}, Lucia},
        title = "{Real-time Flare Prediction Based on Distinctions between Flaring and Non-flaring Active Region Spectra}",
      journal = {\apj},
     keywords = {Dimensionality reduction, Neural networks, Solar flare spectra, Support vector machine, Solar flares, 1943, 1933, 1982, 1936, 1496, Astrophysics - Solar and Stellar Astrophysics},
         year = 2020,
        month = mar,
       volume = {891},
       number = {1},
          eid = {17},
        pages = {17},
          doi = {10.3847/1538-4357/ab700b},
archivePrefix = {arXiv},
       eprint = {1911.12621},
 primaryClass = {astro-ph.SR},
       adsurl = {https://ui.adsabs.harvard.edu/abs/2020ApJ...891...17P},
      adsnote = {Provided by the SAO/NASA Astrophysics Data System}
}

@ARTICLE{2017ApJ...850..204W,
       author = {{Watanabe}, Kyoko and {Kitagawa}, Jun and {Masuda}, Satoshi},
        title = "{Characteristics that Produce White-light Enhancements in Solar Flares Observed by Hinode/SOT}",
      journal = {\apj},
     keywords = {Sun: flares, Sun: particle emission, Sun: X-rays, gamma rays, Astrophysics - Solar and Stellar Astrophysics},
         year = 2017,
        month = dec,
       volume = {850},
       number = {2},
          eid = {204},
        pages = {204},
          doi = {10.3847/1538-4357/aa9659},
archivePrefix = {arXiv},
       eprint = {1710.09531},
 primaryClass = {astro-ph.SR},
       adsurl = {https://ui.adsabs.harvard.edu/abs/2017ApJ...850..204W},
      adsnote = {Provided by the SAO/NASA Astrophysics Data System}
}

@ARTICLE{2006SoPh..234...79H,
       author = {{Hudson}, H.~S. and {Wolfson}, C.~J. and {Metcalf}, T.~R.},
        title = "{White-Light Flares: A TRACE/RHESSI Overview}",
      journal = {\solphys},
     keywords = {Flare, Photon Statistic, Spectroscopic Imager, High Time Resolution, Continuum Emission},
         year = 2006,
        month = mar,
       volume = {234},
       number = {1},
        pages = {79-93},
          doi = {10.1007/s11207-006-0056-y},
       adsurl = {https://ui.adsabs.harvard.edu/abs/2006SoPh..234...79H},
      adsnote = {Provided by the SAO/NASA Astrophysics Data System}
}

@ARTICLE{2003A&A...409.1107M,
       author = {{Matthews}, S.~A. and {van Driel-Gesztelyi}, L. and {Hudson}, H.~S. and {Nitta}, N.~V.},
        title = "{A catalogue of white-light flares observed by Yohkoh}",
      journal = {\aap},
     keywords = {Sun: flares, Sun: X-rays, gamma rays},
         year = 2003,
        month = oct,
       volume = {409},
        pages = {1107-1125},
          doi = {10.1051/0004-6361:20031187},
       adsurl = {https://ui.adsabs.harvard.edu/abs/2003A&A...409.1107M},
      adsnote = {Provided by the SAO/NASA Astrophysics Data System}
}

@ARTICLE{2013ApJ...765...81R,
       author = {{Russell}, A.~J.~B. and {Fletcher}, L.},
        title = "{Propagation of Alfv{\'e}nic Waves from Corona to Chromosphere and Consequences for Solar Flares}",
      journal = {\apj},
     keywords = {magnetohydrodynamics: MHD, plasmas, Sun: chromosphere, Sun: corona, Sun: flares, waves, Astrophysics - Solar and Stellar Astrophysics},
         year = 2013,
        month = mar,
       volume = {765},
       number = {2},
          eid = {81},
        pages = {81},
          doi = {10.1088/0004-637X/765/2/81},
archivePrefix = {arXiv},
       eprint = {1302.2458},
 primaryClass = {astro-ph.SR},
       adsurl = {https://ui.adsabs.harvard.edu/abs/2013ApJ...765...81R},
      adsnote = {Provided by the SAO/NASA Astrophysics Data System}
}

@ARTICLE{1982SoPh...80...99E,
       author = {{Emslie}, A.~G. and {Sturrock}, P.~A.},
        title = "{Temperature minimum heating in solar flares by resistive dissipation of Alfv{\'e}n waves}",
      journal = {\solphys},
     keywords = {Energy Dissipation, Magnetohydrodynamic Waves, Solar Corona, Solar Flares, Solar Temperature, Solar Energy, Solar Magnetic Field, Wave Propagation, Solar Physics, Flare, Energy Release, Temperature Minimum, Solar Flare, Primary Energy},
         year = 1982,
        month = sep,
       volume = {80},
       number = {1},
        pages = {99-112},
          doi = {10.1007/BF00153426},
       adsurl = {https://ui.adsabs.harvard.edu/abs/1982SoPh...80...99E},
      adsnote = {Provided by the SAO/NASA Astrophysics Data System}
}

@ARTICLE{2010ApJ...722.1514P,
       author = {{Potts}, Hugh and {Hudson}, Hugh and {Fletcher}, Lyndsay and {Diver}, Declan},
        title = "{The Optical Depth of White-light Flare Continuum}",
      journal = {\apj},
     keywords = {Sun: flares, Sun: photosphere, Astrophysics - Solar and Stellar Astrophysics},
         year = 2010,
        month = oct,
       volume = {722},
       number = {2},
        pages = {1514-1521},
          doi = {10.1088/0004-637X/722/2/1514},
archivePrefix = {arXiv},
       eprint = {1004.1039},
 primaryClass = {astro-ph.SR},
       adsurl = {https://ui.adsabs.harvard.edu/abs/2010ApJ...722.1514P},
      adsnote = {Provided by the SAO/NASA Astrophysics Data System}
}

@ARTICLE{2021ApJ...920..102W,
       author = {{Wyper}, P.~F. and {Pontin}, D.~I.},
        title = "{Is Flare Ribbon Fine Structure Related to Tearing in the Flare Current Sheet?}",
      journal = {\apj},
     keywords = {Solar flares, Solar physics, Solar chromosphere, Solar corona, Solar magnetic reconnection, 1496, 1476, 1479, 1483, 1504, Astrophysics - Solar and Stellar Astrophysics},
         year = 2021,
        month = oct,
       volume = {920},
       number = {2},
          eid = {102},
        pages = {102},
          doi = {10.3847/1538-4357/ac1943},
archivePrefix = {arXiv},
       eprint = {2108.10966},
 primaryClass = {astro-ph.SR},
       adsurl = {https://ui.adsabs.harvard.edu/abs/2021ApJ...920..102W},
      adsnote = {Provided by the SAO/NASA Astrophysics Data System}
}

@ARTICLE{stereo,
       author = {{Kaiser}, M.~L. and {Kucera}, T.~A. and {Davila}, J.~M. and {St. Cyr}, O.~C. and {Guhathakurta}, M. and {Christian}, E.},
        title = "{The STEREO Mission: An Introduction}",
      journal = {\ssr},
     keywords = {CME, Solar, Three-dimensional},
         year = 2008,
        month = apr,
       volume = {136},
       number = {1-4},
        pages = {5-16},
          doi = {10.1007/s11214-007-9277-0},
       adsurl = {https://ui.adsabs.harvard.edu/abs/2008SSRv..136....5K},
      adsnote = {Provided by the SAO/NASA Astrophysics Data System}
}

@ARTICLE{eit,
       author = {{Delaboudini{\`e}re}, J. -P. and {Artzner}, G.~E. and {Brunaud}, J. and {Gabriel}, A.~H. and {Hochedez}, J.~F. and {Millier}, F. and {Song}, X.~Y. and {Au}, B. and {Dere}, K.~P. and {Howard}, R.~A. and {Kreplin}, R. and {Michels}, D.~J. and {Moses}, J.~D. and {Defise}, J.~M. and {Jamar}, C. and {Rochus}, P. and {Chauvineau}, J.~P. and {Marioge}, J.~P. and {Catura}, R.~C. and {Lemen}, J.~R. and {Shing}, L. and {Stern}, R.~A. and {Gurman}, J.~B. and {Neupert}, W.~M. and {Maucherat}, A. and {Clette}, F. and {Cugnon}, P. and {Van Dessel}, E.~L.},
        title = "{EIT: Extreme-Ultraviolet Imaging Telescope for the SOHO Mission}",
      journal = {\solphys},
     keywords = {Solar X-rays, Solar EUV, Multilayer telescope},
         year = 1995,
        month = dec,
       volume = {162},
       number = {1-2},
        pages = {291-312},
          doi = {10.1007/BF00733432},
       adsurl = {https://ui.adsabs.harvard.edu/abs/1995SoPh..162..291D},
      adsnote = {Provided by the SAO/NASA Astrophysics Data System}
}

